%%%%%%%%%%%%%  CHAPTER 1  %%%%%%%%%%%%%%

@misc{world2017global,
  title={Global status report on noncommunicable diseases 2014. 2014},
  author={World Health Organization and others},
  year={2017}
}
