%%%%%%%%%%%%%  CHAPTER 1  %%%%%%%%%%%%%%

@book{hall_and_gill,
  title={An introduction to machine learning interpretability},
  author={Hall, Patrick},
  year={2019},
  publisher={O'Reilly Media, Incorporated}
}

%%%%%%%%%%%%%  CHAPTER 2  %%%%%%%%%%%%%%

@book {murphy,
  title={Machine Learning: A Probabilistic Perspective},
  author={Murphy, Kevin P.},
  year={2012},
  publisher={MIT press}
}

@book{goodfellow,
  title={Deep learning},
  author={Goodfellow, Ian and Bengio, Yoshua and Courville, Aaron},
  year={2016},
  publisher={MIT press}
}

% .......
